@Manual{suncalc,
    title = {suncalc: Compute Sun Position, Sunlight Phases, Moon Position and Lunar
Phase},
    author = {Benoit Thieurmel and Achraf Elmarhraoui},
    year = {2022},
    note = {R package version 0.5.1},
    url = {https://CRAN.R-project.org/package=suncalc},
  }
@Manual{oce,
    title = {oce: Analysis of Oceanographic Data},
    author = {Dan Kelley and Clark Richards},
    year = {2022},
    note = {R package version 1.7-10},
    url = {https://CRAN.R-project.org/package=oce},
  }
@Manual{signal,
    title = {{signal}: Signal processing},
    author = {Olaf Mersmann and Uwe Ligges},
    year = {2014},
    note = {R package version 0.7.7},
    url = {http://r-forge.r-project.org/projects/signal/},
  }
@Manual{dplyr,
    title = {dplyr: A Grammar of Data Manipulation},
    author = {Hadley Wickham and Romain François and Lionel Henry and Kirill Müller and Davis Vaughan},
    year = {2023},
    note = {R package version 1.1.0},
    url = {https://CRAN.R-project.org/package=dplyr},
  }
@Article{lubridate,
    title = {Dates and Times Made Easy with {lubridate}},
    author = {Garrett Grolemund and Hadley Wickham},
    journal = {Journal of Statistical Software},
    year = {2011},
    volume = {40},
    number = {3},
    pages = {1--25},
    url = {https://www.jstatsoft.org/v40/i03/},
  }
  @Book{ggplot2,
    author = {Hadley Wickham},
    title = {ggplot2: Elegant Graphics for Data Analysis},
    publisher = {Springer-Verlag New York},
    year = {2016},
    isbn = {978-3-319-24277-4},
    url = {https://ggplot2.tidyverse.org},
  }
@Manual{mregions2,
    title = {{mregions2}: Access data from marineregions.org: the Marine Regions Gazetteer and the Marine Regions Data Products},
    author = {Salvador Fernandez-Bejarano and Lotte Pohl},
    year = {2023},
    url = {https://github.com/lifewatch/mregions2},
  }
@Manual{EMODnetWFS,
    title = {{EMODnetWFS}: Access EMODnet Web Feature Service data through R},
    author = {Anna Krystalli and Salvador Fernández-Bejarano and Maëlle Salmon},
    note = {R package version 2.0.1.9001. Integrated data products created under the European Marine Observation Data Network (EMODnet) Biology project (EASME/EMFF/2017/1.3.1.2/02/SI2.789013), funded by the by the European Union under Regulation (EU) No 508/2014 of the European Parliament and of the Council of 15 May 2014 on the European Maritime and Fisheries Fund},
    url = {https://github.com/EMODnet/EMODnetWFS},
  }
@Manual{biwavelet,
    title = {R package {biwavelet}: Conduct Univariate and Bivariate Wavelet Analyses},
    author = {Tarik C. Gouhier and Aslak Grinsted and Viliam Simko},
    year = {2021},
    note = {(Version 0.20.21)},
    url = {https://github.com/tgouhier/biwavelet},
  }