@misc{Innovasea_2023,
title = {Acoustic Transmitters},
url = {https://www.innovasea.com/fish-tracking/products/acoustic-transmitters/},
urldate = {2023-05-03},
type = {WEBSITE}
}
@article{quignard_1972,
title = {Note sur les especes mediterraneenes du genre Mustelus (Selachii, Galeoidea, Triakidae).},
author = {Quignard, {JP} and Capape, C},
pages = {15-29},
url = {https://archimer.ifremer.fr/doc/00000/2067/},
year = {1972},
urldate = {2022-12-06},
journal = {Revue des Travaux de l'Institut des Pêches maritimes},
volume = {36},
number = {1},
keywords = {Mustelus spp.},
sciwheel-projects = {Side Sources},
abstract = { Revue des Travaux de l'Institut des Pêches maritimes, 36(1), 15-29}
}
